<record><leader>00000cas a2200000 a 4500</leader><controlfield tag="001">24704584</controlfield><controlfield tag="008">911107d1887188unyuwr ne      0    0eng c</controlfield><datafield ind1=" " ind2=" " tag="010"><subfield code="a">sn 91066798 </subfield></datafield><datafield ind1=" " ind2=" " tag="040"><subfield code="a">NYS</subfield><subfield code="b">eng</subfield><subfield code="c">NYS</subfield><subfield code="d">OCLCQ</subfield><subfield code="d">OCLCF</subfield><subfield code="d">OCLCO</subfield></datafield><datafield ind1=" " ind2=" " tag="042"><subfield code="a">pcc</subfield></datafield><datafield ind1=" " ind2=" " tag="043"><subfield code="a">n-us-ny</subfield></datafield><datafield ind1="0" ind2=" " tag="130"><subfield code="a">Deposit journal (Deposit, N.Y. : 1887)</subfield></datafield><datafield ind1="1" ind2="4" tag="245"><subfield code="a">The Deposit journal.</subfield></datafield><datafield ind1=" " ind2=" " tag="260"><subfield code="a">Deposit, N.Y. :</subfield><subfield code="b">[s.n.],</subfield><subfield code="c">1887-</subfield></datafield><datafield ind1=" " ind2=" " tag="300"><subfield code="a">v. ;</subfield><subfield code="c">62 cm.</subfield></datafield><datafield ind1=" " ind2=" " tag="310"><subfield code="a">Weekly</subfield></datafield><datafield ind1="0" ind2=" " tag="362"><subfield code="a">Vol. 1, no. 1 (Mar. 3, 1887)-</subfield></datafield><datafield ind1=" " ind2="0" tag="651"><subfield code="a">Deposit (N.Y.)</subfield><subfield code="v">Newspapers.</subfield></datafield><datafield ind1=" " ind2="0" tag="651"><subfield code="a">Delaware County (N.Y.)</subfield><subfield code="v">Newspapers.</subfield></datafield><datafield ind1=" " ind2="0" tag="651"><subfield code="a">Broome County (N.Y.)</subfield><subfield code="v">Newspapers.</subfield></datafield><datafield ind1=" " ind2="7" tag="655"><subfield code="a">Newspapers.</subfield><subfield code="2">fast</subfield><subfield code="0">(OCoLC)fst01423814</subfield></datafield><datafield ind1=" " ind2="7" tag="651"><subfield code="a">New York (State)</subfield><subfield code="z">Broome County.</subfield><subfield code="2">fast</subfield><subfield code="0">(OCoLC)fst01233031</subfield></datafield><datafield ind1=" " ind2="7" tag="651"><subfield code="a">New York (State)</subfield><subfield code="z">Delaware County.</subfield><subfield code="2">fast</subfield><subfield code="0">(OCoLC)fst01210438</subfield></datafield><datafield ind1=" " ind2="7" tag="651"><subfield code="a">New York (State)</subfield><subfield code="z">Deposit.</subfield><subfield code="2">fast</subfield><subfield code="0">(OCoLC)fst01219272</subfield></datafield><datafield ind1=" " ind2=" " tag="752"><subfield code="a">United States</subfield><subfield code="b">New York</subfield><subfield code="c">Delaware</subfield><subfield code="d">Deposit.</subfield></datafield><datafield ind1=" " ind2=" " tag="752"><subfield code="a">United States</subfield><subfield code="b">New York</subfield><subfield code="c">Broome</subfield><subfield code="d">Deposit.</subfield></datafield><datafield ind1="0" ind2="0" tag="785"><subfield code="t">Tri-county journal (Deposit, N.Y.)</subfield><subfield code="w">(DLC)sn 91066799</subfield><subfield code="w">(OCoLC)24704777</subfield></datafield></record>